@Book{ Ette.2007,
  author = "Ene I. {(ed.) Ette} and Paul J. {(ed.) Williams}",
  title = "{Pharmacometrics: The science of quantitative pharmacology.}",
  publisher = "{Hoboken, NJ: John Wiley \& Sons. xix, 1205~p.}",
  year = "2007"
}

@Book{ Bonate.2006,
  title = "Pharmacokinetic pharmacodynamic modeling and simulation",
  address = "New York, NY",
  author = "Peter L. Bonate",
  publisher = "Springer",
  year = 2006,
  biburl = "http://www.bibsonomy.org/bibtex/2b605b3eecb3c99db463086af1e195558/hruehs",
  keywords = "imported",
  isbn = "0-387-27197-X"
}

@Manual{ NONMEM.7,
  title = "NONMEM User's Guides",
  address = "Ellicott City, MD, USA",
  author = {{Stuart Beal, Lewis B. Sheiner, Alison Boeckmann, and Robert J. 
    Bauer}},
  organization = "Icon Development Solutions",
  year= "2009"
}

@Manual{ Sadapt,
  title = "S-ADAPT/MCPEM user's guide (version 1.56). Software for 
    Pharmacokinetic, Pharmacodynamic and Population Data Analysis",
  address = "Berkeley, CA, USA",
  author = "Robert J. Bauer",
  year = "2008"
}

@Misc{ sadapt.tran,
  author = {{J\"urgen Bulitta, Ayhan Bing\"olbali, and Cornelia B. Landersdorfer}},
  title = {{Development and evaluation of a new efficiency tool (SADAPT-TRAN)
    for model creation, debugging, evaluation, and automated plotting using 
    parallelized S-ADAPT, Perl and R}},
  howpublished = {PAGE 19 (2010) Abstr 1917. Available at 
    www.page-meeting.org/?abstract=1917},
}

@Article{ Kuhn.2005,
  author = "Estelle Kuhn and Marc Lavielle",
  title = "Maximum likelihood estimation in nonlinear mixed effects models.",
  journal = "Computational Statistics and Data Analysis",
  year = "2005",
  volume = 49,
  number = 4,
  pages = "1020-1038"
}

@Manual{ Dargenio.1997,
  title = "ADAPT II Users'Guide: Pharmacokinetic/Pharmacodyanmic System Analysis 
    Software",
  address = "Los Angeles, CA, USA",
  author = "Alan Schumitzky and David Z. {D'Argenio}",
  organization = "Biomedical Simulations Resource",
  year = "1997"
}

@Manual{ Bihorel.2009,
  title = "Scarabee User's Manual",
  address = "Buffalo, NY, USA",
  author = "S\'ebastien Bihorel",
  year = "2009",
  note = {Available at http://code.google.com/p/pmlab/}
}

@Book{ Gabrielsson.2007,
  title = "Pharmacokinetic/Pharmacodynamic data analysis: concepts and 
    applications",
  author = "Johan Gabrielsson and Daniel Weiner",
  publisher = "ApoteKarsocieteten",
  edition = "4th",
  year = "2007"
}

@Manual{ Rinstall.2010,
 title = {R Installation and Administration},
 author = {{R Development Core Team}},
 organization = {R Foundation for Statistical Computing},
 year = {2010},
 note = {ISBN 3-900051-09-7. Available at http://cran.r-project.org/}
}

@Manual{ Rcitation,
 title        = {R: A Language and Environment for Statistical
                Computing},
 author       = {{R Development Core Team}},
 organization = {R Foundation for Statistical Computing},
 address      = {Vienna, Austria},
 year         = 2009,
 note         = {{ISBN} 3-900051-07-0. Available at http://www.R-project.org}
}